<record xmlns="http://www.loc.gov/MARC21/slim">
   <leader>01080cam a2200325 a 4500</leader>
   <controlfield tag="001">1340030</controlfield>
   <controlfield tag="008">901203s1985    oncab        f    0 eng c</controlfield>
   <datafield ind1=" " ind2=" " tag="020">
      <subfield code="a">0662145607</subfield>
   </datafield>
   <datafield ind1=" " ind2=" " tag="035">
      <subfield code="a">ocm70307719</subfield>
   </datafield>
   <datafield ind1=" " ind2=" " tag="040">
      <subfield code="b">eng</subfield>
   </datafield>
   <datafield ind1=" " ind2=" " tag="043">
      <subfield code="a">n-cn-bc</subfield>
   </datafield>
   <datafield ind1=" " ind2=" " tag="045">
      <subfield code="a">x7x8</subfield>
   </datafield>
   <datafield ind1=" " ind2=" " tag="049">
      <subfield code="a">AEU</subfield>
      <subfield code="b">eng</subfield>
   </datafield>
   <datafield ind1=" " ind2="4" tag="050">
      <subfield code="a">HD318</subfield>
      <subfield code="b">.F3 no.85-6</subfield>
   </datafield>
   <datafield ind1="1" ind2=" " tag="086">
      <subfield code="a">En 73-6/85-6E</subfield>
   </datafield>
   <datafield ind1="0" ind2=" " tag="090">
      <subfield code="a">HD 320 V3 V645 1985</subfield>
   </datafield>
   <datafield ind1="0" ind2="0" tag="245">
      <subfield code="a">Victoria urban-centred region 1976-1980 :</subfield>
      <subfield code="b">land use change in Canada /</subfield>
      <subfield code="c">Lands Directorate.</subfield>
   </datafield>
   <datafield ind1=" " ind2=" " tag="260">
      <subfield code="a">[Ottawa] :</subfield>
      <subfield code="b">Environment Canada,</subfield>
      <subfield code="c">1985.</subfield>
   </datafield>
   <datafield ind1=" " ind2=" " tag="300">
      <subfield code="a">8 p. :</subfield>
      <subfield code="b">ill., maps (1 col.) ;</subfield>
      <subfield code="c">28 cm.</subfield>
   </datafield>
   <datafield ind1=" " ind2=" " tag="336">
      <subfield code="a">text</subfield>
      <subfield code="b">txt</subfield>
      <subfield code="2">rdacontent</subfield>
   </datafield>
   <datafield ind1=" " ind2=" " tag="337">
      <subfield code="a">unmediated</subfield>
      <subfield code="b">n</subfield>
      <subfield code="2">rdamedia</subfield>
   </datafield>
   <datafield ind1=" " ind2=" " tag="338">
      <subfield code="a">volume</subfield>
      <subfield code="b">nc</subfield>
      <subfield code="2">rdacarrier</subfield>
   </datafield>
   <datafield ind1=" " ind2=" " tag="500">
      <subfield code="a">Caption title.</subfield>
   </datafield>
   <datafield ind1=" " ind2=" " tag="500">
      <subfield code="a">"Fact sheet 85-6."</subfield>
   </datafield>
   <datafield ind1=" " ind2=" " tag="596">
      <subfield code="a">38</subfield>
   </datafield>
   <datafield ind1=" " ind2="0" tag="650">
      <subfield code="a">Land use, Rural</subfield>
      <subfield code="z">British Columbia</subfield>
      <subfield code="z">Victoria.</subfield>
   </datafield>
   <datafield ind1="1" ind2=" " tag="710">
      <subfield code="a">Canada.</subfield>
      <subfield code="b">Lands Directorate.</subfield>
   </datafield>
   <datafield ind1="1" ind2=" " tag="710">
      <subfield code="a">Canada.</subfield>
      <subfield code="b">Environment Canada.</subfield>
   </datafield>
   <datafield ind1="0" ind2=" " tag="740">
      <subfield code="a">Land use change in Canada.</subfield>
   </datafield>
   <datafield ind1=" " ind2=" " tag="926">
      <subfield code="a">HD 320 V3 V645 1985</subfield>
      <subfield code="w">LC</subfield>
      <subfield code="c">1</subfield>
      <subfield code="i">000035300839</subfield>
      <subfield code="l">ON_SHELF</subfield>
      <subfield code="m">UABARD</subfield>
      <subfield code="p">$150.00</subfield>
      <subfield code="r">Y</subfield>
      <subfield code="s">Y</subfield>
      <subfield code="t">BOOK</subfield>
      <subfield code="u">1/9/1991</subfield>
      <subfield code="o">.STAFF. B0034391</subfield>
   </datafield>
</record>
